@inproceedings{Loki,
  title={Opponent modeling in poker},
  author={Billings, Darse and Papp, Denis and Schaeffer, Jonathan and Szafron, Duane},
  booktitle={AAAI/IAAI},
  pages={493--499},
  year={1998}
}

@InProceedings{TOMMBA,
  author = {Doran Chakraborty and Noa Agmon and Peter Stone},
  title = {Targeted Opponent Modeling of Memory-Bounded Agents},
  booktitle = {Proceedings of the Adaptive Learning Agents Workshop (ALA)},
  location = {St. Paul, Minnesota, USA},
  month = {May},
  year = {2013}
}

@MISC{Ponsen,
    author = {Marc Ponsen and Jan Ramon and Tom Croonenborghs and Kurt Driessens and Karl Tuyls},
    title = {Bayes-Relational Learning of Opponent Models from Incomplete Information in No-Limit Poker},
    year = {}
}

@inproceedings{Williams,
  title={Using gaussian processes to optimise concession in complex negotiations against unknown opponents},
  author={Williams, Colin R and Robu, Valentin and Gerding, Enrico H and Jennings, Nicholas R}
}

@incollection{Carmel,
  title={Opponent modeling in multi-agent systems},
  author={Carmel, David and Markovitch, Shaul},
  booktitle={Adaption and Learning in Multi-Agent Systems},
  pages={40--52},
  year={1996},
  publisher={Springer}
}

@inproceedings{Ekmekci,
  title={Learning strategies for opponent modeling in poker},
  author={Omer Ekmekci and Volkan Sirin},
  booktitle={AAAI-13 Workshop},
  year={2013}
}

@inproceedings{Laviers,
  title={A real-time opponent modeling system for rush football},
  author={Laviers, Kennard and Sukthankar, Gita},
  booktitle={Proceedings of the Twenty-Second international joint conference on Artificial Intelligence-Volume Volume Three},
  pages={2476--2481},
  year={2011},
  organization={AAAI Press}
}

@incollection{Teofilo,
  title={Adapting strategies to opponent models in incomplete information games: a reinforcement learning approach for poker},
  author={Te{\'o}filo, Lu{\'\i}s Filipe and Passos, Nuno and Reis, Lu{\'\i}s Paulo and Cardoso, Henrique Lopes},
  booktitle={Autonomous and Intelligent Systems},
  pages={220--227},
  year={2012},
  publisher={Springer}
}

@article{Southey,
  title={Bayes' bluff: Opponent modelling in poker},
  author={Southey, Finnegan and Bowling, Michael P and Larson, Bryce and Piccione, Carmelo and Burch, Neil and Billings, Darse and Rayner, Chris},
  journal={arXiv preprint arXiv:1207.1411},
  year={2012}
}

@inproceedings{Lockett,
  title={Evolving explicit opponent models in game playing},
  author={Lockett, Alan J and Chen, Charles L and Miikkulainen, Risto},
  booktitle={Proceedings of the 9th annual conference on Genetic and evolutionary computation},
  pages={2106--2113},
  year={2007},
  organization={ACM}
}

@article{burnett2013stereotypical,
  title={Stereotypical trust and bias in dynamic multiagent systems},
  author={Burnett, Chris and Norman, Timothy J and Sycara, Katia},
  journal={ACM Transactions on Intelligent Systems and Technology (TIST)},
  volume={4},
  number={2},
  pages={26},
  year={2013},
  publisher={ACM}
}

@inproceedings{burnett2010bootstrapping,
  title={Bootstrapping trust evaluations through stereotypes},
  author={Burnett, Chris and Norman, Timothy J and Sycara, Katia},
  booktitle={Proceedings of the 9th International Conference on Autonomous Agents and Multiagent Systems: volume 1-Volume 1},
  pages={241--248},
  year={2010},
  organization={International Foundation for Autonomous Agents and Multiagent Systems}
}

@inproceedings{denzinger2004improving,
  title={Improving modeling of other agents using stereotypes and compactification of observations},
  author={Denzinger, Jorg and Hamdan, Jasmine},
  booktitle={Proceedings of the Third International Joint Conference on Autonomous Agents and Multiagent Systems-Volume 3},
  pages={1414--1415},
  year={2004},
  organization={IEEE Computer Society}
}